@ARTICLE{kalman60,
	title = {A New Approach to Linear Filtering and Prediction Problems},
	year = {1960},
	author = {R.E. Kalman},
	journal = {Transactions of the ASME–Journal of Basic Engineering},
	volume = {82},
	number = {Series D},
	pages = {35–45},
};

@phdthesis{fox98,
	address = {Germany},
	author = {Fox, Dieter},
	school = {University of Bonn},
	title = {Markov Localization: A Probabilistic Framework for Mobile Robot Localization and Navigation},
	year = {1998}
}

@techreport{welch95,
	author = {Welch, Greg and Bishop, Gary},
	title = {An Introduction to the Kalman Filter},
	year = {1995},
	publisher = {University of North Carolina at Chapel Hill},
	address = {Chapel Hill, NC, USA},
}

@misc{macdonald01,
	author = {David MacDonald},
	title = {Should I Use Precise Ephemeris?},
	year = {2001}
}

@inproceedings{tippenhauer11,
	author = {Tippenhauer, Nils Ole and P\"{o}pper, Christina and Rasmussen, Kasper Bonne and Capkun, Srdjan},
	title = {On the requirements for successful GPS spoofing attacks},
	booktitle = {Proceedings of the 18th ACM conference on Computer and communications security},
	series = {CCS '11},
	year = {2011},
	isbn = {978-1-4503-0948-6},
	location = {Chicago, Illinois, USA},
	pages = {75--86},
	numpages = {12},
	acmid = {2046719},
	publisher = {ACM},
	address = {New York, NY, USA},
	keywords = {GPS, spoofing, spoofing countermeasures},
}

@inproceedings{dellaert99,
	author = "Frank Dellaert and Dieter Fox and Wolfram Burgard and Sebastian Thrun",
	title = "Monte Carlo Localization for Mobile Robots",
	booktitle = "IEEE International Conference on Robotics and Automation (ICRA99)",
	month = "May",
	year = "1999",
}

@inproceedings{diard03,
	hal_id = {hal-00019254},
	title = {{A Survey of Probabilistic Models Using the Bayesian Programming Methodology as a Unifying Framework}},
	author = {Diard, Julien and Bessiere, Pierre and Mazer, Emmanuel},
	language = {English},
	affiliation = {E-MOTION - IMAG-INRIA Rh{\^o}ne-Alpes / GRAVIR},
	booktitle = {{International Conference on Computational Intelligence, Robotics and Autonomous Systems (IEEE-CIRAS), Singapore}},
	pages = {x},
	address = {France},
	audience = {international },
	year = {2003},
	pdf = {http://hal.archives-ouvertes.fr/hal-00019254/PDF/Diard03a.pdf},
}

@online{www-wilson,
	author = {David L. Wilson},
	title = {HDOP and GPS Horizontal Position Errors},
	url = {http://web.archive.org/web/20100908132322/http://users.erols.com/dlwilson/gpshdop.htm},
	year = {2010}
}

@article{smith92,
	title = {Bayesian Statistics without Tears: A Sampling-Resampling Perspective},
	author = {Smith, A. F. M. and Gelfand, A. E.},
	journal = {The American Statistician},
	volume = {46},
	number = {2},
	pages = {pp. 84-88},
	year = {1992},
	publisher = {American Statistical Association},
}

@ARTICLE{arulampalam01,
	author = {Sanjeev Arulampalam and Simon Maskell and Neil Gordon and Tim Clapp},
	title = {A Tutorial on Particle Filters for On-line Non-linear/Non-Gaussian Bayesian Tracking},
	journal = {IEEE Transactions on Signal Processing},
	year = {2001},
	volume = {50},
	pages = {174--188}
}

@online{orbit-data,
	author = {National Geodetic Survey},
	title = {GPS Orbits},
	url = {http://www.ngs.noaa.gov/orbits/orbit_data.shtml}
}

@article{thrun99,
	title = "Robust Monte Carlo localization for mobile robots",
	journal = "Artificial Intelligence",
	volume = "128",
	number = "1–2",
	pages = "99 - 141",
	year = "2001",
	note = "",
	issn = "0004-3702",
	author = "Sebastian Thrun and Dieter Fox and Wolfram Burgard and Frank Dellaert",
}

@INPROCEEDINGS{fox99,
	author = {Dieter Fox and Wolfram Burgard and Frank Dellaert and Sebastian Thrun},
	title = {Monte Carlo Localization: Efficient Position Estimation for Mobile Robots },
	booktitle = {IN PROC. OF THE NATIONAL CONFERENCE ON ARTIFICIAL INTELLIGENCE (AAAI},
	year = {1999},
	pages = {343--349},
	publisher = {}
}

@article{fox03,
	author = {Fox, Dieter}, 
	title = {Adapting the Sample Size in Particle Filters Through KLD-Sampling}, 
	volume = {22}, 
	number = {12}, 
	pages = {985-1003}, 
	year = {2003}, 
	journal = {The International Journal of Robotics Research} 
}

@online{transit-www,
	title = {An Overview of the Navy Navigation Satellite System},
	url = {http://sd-www.jhuapl.edu/Transit/}
}

@online{gps-space-www,
	author = {{National Coordination Office for Space-Based Positioning, Navigation, and Timing}},
	title = {GPS.gov: Space Segment},
	url = {http://www.gps.gov/systems/gps/space/}
}

@book{kaplan06,
  title={Understanding GPS: Principles And Applications},
  author={Kaplan, E.D. and Hegarty, C.J.},
  isbn={9781580538947},
  lccn={2005056270},
  series={Artech House Mobile Communications Series},
  year={2006},
  publisher={Artech House}
}
